@book{Rinck.MagnResInMed.1993,
    editor = {Rinck, Peter},
    isbn = {0632037814},
    language = {english},
    pages = {256},
    publisher = {Blackwell Science Ltd},
    title = {{Magnetic Resonance in Medicine: The Basic Textbook of the European Magnetic Resonance Forum}},
    year = {1993}
}